<record><leader>00000cas a2200000Ia 4500</leader><controlfield tag="001">22352582</controlfield><controlfield tag="008">900910d19031922oruwr ne      0    0eng d</controlfield><datafield ind1=" " ind2=" " tag="010"><subfield code="a">sn 90098804 </subfield></datafield><datafield ind1=" " ind2=" " tag="040"><subfield code="a">SLZ</subfield><subfield code="b">eng</subfield><subfield code="c">SLZ</subfield><subfield code="d">OCLCQ</subfield></datafield><datafield ind1=" " ind2=" " tag="043"><subfield code="a">n-usp--</subfield></datafield><datafield ind1="0" ind2=" " tag="130"><subfield code="a">Jewish tribune (Portland, Or.)</subfield></datafield><datafield ind1="1" ind2="4" tag="245"><subfield code="a">The Jewish tribune.</subfield></datafield><datafield ind1=" " ind2=" " tag="260"><subfield code="a">Portland, Ore. :</subfield><subfield code="b">Mosessohn Bros.,</subfield><subfield code="c">1903-1922.</subfield></datafield><datafield ind1=" " ind2=" " tag="300"><subfield code="a">40 v.</subfield></datafield><datafield ind1=" " ind2=" " tag="310"><subfield code="a">Weekly</subfield></datafield><datafield ind1="0" ind2=" " tag="362"><subfield code="a">Vol. 1, no. 1 (Feb. 20, 1903)-v. 40, no. 23 (Dec. 8, 1922).</subfield></datafield><datafield ind1=" " ind2=" " tag="500"><subfield code="a">"The only Jewish paper in the the Pacific Northwest."</subfield></datafield><datafield ind1=" " ind2="0" tag="650"><subfield code="a">Jewish newspapers</subfield><subfield code="z">Northwest, Pacific.</subfield></datafield><datafield ind1=" " ind2=" " tag="752"><subfield code="a">United States</subfield><subfield code="b">Washington</subfield><subfield code="c">King</subfield><subfield code="d">Seattle.</subfield></datafield><datafield ind1=" " ind2=" " tag="752"><subfield code="a">United States</subfield><subfield code="b">Oregon</subfield><subfield code="c">Multnomah</subfield><subfield code="d">Portland.</subfield></datafield></record>